@misc{brayer, title={Introduction to the Fourier Transformation for Image Processing}, url={https://www.cs.unm.edu/~brayer/vision/fourier.html}, publisher={University of New Mexico}, author={Brayer, John}}
@misc{demaine_2016, title={YouTube}, url={https://www.youtube.com/watch?v=iTMn0Kt18tg}, journal={YouTube}, publisher={MIT Open Courseware}, author={Demaine, Erik}, year={2016}, month={3}}
@misc{fisher_perkins_walker_wolfart_2003, title={Fourier Transform}, url={http://homepages.inf.ed.ac.uk/rbf/HIPR2/fourier.htm}, journal={Image Processing Learning Resources}, publisher={University of Edinburgh}, author={Fisher, Robert and Perkins, Simon and Walker, Ashley and Wolfart, Erik}, year={2003}}
@misc{kundur, title={Magnitude and Phase}, url={http://www.comm.utoronto.ca/~dkundur/course_info/signals/notes/Kundur_FourierMagPhase.pdf}, publisher={University of Toronto}, author={Kundur, Deepa}}
@misc{lehar, title={An Intuitive Explanation of Fourier Theory}, url={http://cns-alumni.bu.edu/~slehar/fourier/fourier.html}, publisher={Boston University}, author={Lehar, Steven}}
@misc{lin_2014, title={How To Identify Patterns in Time Series Data: Part I  Discrete Fourier Transform}, url={http://blog.supplyframe.com/2014/03/05/how-to-identify-patterns-in-time-series-data-part-i-discrete-fourier-transform/}, journal={Supplyframe Engineering Blog}, author={Lin, Greg}, year={2014}, month={5}}
@misc{ludwig, title={Image Convolution}, url={http://web.pdx.edu/~jduh/courses/Archive/geog481w07/Students/Ludwig_ImageConvolution.pdf}, publisher={Portland State University}, author={Ludwig, Jamie}}
@misc{orzel_2010, title={Finding Patterns in Data: Fourier Series}, url={http://scienceblogs.com/principles/2010/01/03/finding-patterns-in-data-fouri/}, journal={Uncertain Principles}, author={Orzel, Chad}, year={2010}, month={1}}
@book{smith_1997, place={San Diego (California)}, title={The scientist and engineer's guide to digital signal processing}, publisher={California Technical Publishing}, author={Smith, Steven W.}, year={1997}}
@inbook{stein_shakarchi_2003, place={Princeton}, title={Chapter 7 Finite Fourier Analysis}, booktitle={Princeton lectures in analysis}, publisher={Princeton Univ. Press}, author={Stein, Elias M. and Shakarchi, Rami}, year={2003}}
@misc{vrscay_2008, title={Lecture 18}, url={http://links.uwaterloo.ca/amath391w13docs/set7.pdf}, publisher={University of Waterloo}, author={Vrscay, Eward R}, year={2008}}
@Article{shannon1949,
  Author         = "C. E. Shannon",
  Title          = "Communication in the Presence of Noise",
  Journal        = "Proc. Institute of Radio Engineers",
  Volume         = "37",
  Number         = "1",
  Pages          = "10--21",
  year           = 1949
}
@article{cvijovic_klinowski_1999, title={Values of the Legendere Chi and Hurwitz Zeta Functions at Rational Arguments}, volume={68}, url={http://www.ams.org/journals/mcom/1999-68-228/S0025-5718-99-01091-1/home.html}, DOI={10.1090/S0025-5718-99-01091-1 }, number={228}, journal={Mathematics of Computation}, author={Cvijovic, Dujurdje and Klinowski, Jacek}, year={1999}, pages={1623-1630}}
